

@article{sang2013,
  author =        {Tjong Kim Sang, Erik and Antal van den Bosch},
  journal =       {Computational Linguistics in the Netherlands Journal},
  month =         {12/2013},
  pages =         {121-134},
  title =         {{Dealing with big data: The case of Twitter}},
  volume =        {3},
  year =          {2013},
  issn =          {2211-4009},
}

@inproceedings{lin2017rts,
  author =        {Lin, Jimmy and Mohammed, Salman and Sequiera, Royal and
                   Tan, Luchen and Ghelani, Nimesh and
                   Abualsaud, Mustafa and McCreadie, Richard and
                   Milajevs, Dmitrijs and Voorhees, Ellen},
  booktitle =     {Proceedings of the 26th text retrieval conference,
                   TREC},
  title =         {Overview of the {TREC} 2017 {Real-Time}
                   {Summarization} {Track}},
  year =          {2017},
}

@inproceedings{SANVICENTE16.465,
  address =       {Paris, France},
  author =        {I{\~{n}}aki San Vicente and I{\~{n}}aki Alegr{\'{i}}a and
                   Cristina Espa{{\~n}}a-Bonet and Pablo Gamallo and
                   Hugo Gon{\c{c}}alo Oliveira and
                   Eva Mart{\'{i}}nez Garcia and Antonio Toral and
                   Arkaitz Zubiaga and Nora Aranberri},
  booktitle =     {Proceedings of the Tenth International Conference on
                   Language Resources and Evaluation (LREC 2016)},
  editor =        {Nicoletta Calzolari (Conference Chair) and
                   Khalid Choukri and Thierry Declerck and Sara Goggi and
                   Marko Grobelnik and Bente Maegaard and Joseph Mariani and
                   Helene Mazo and Asuncion Moreno and Jan Odijk and
                   Stelios Piperidis},
  month =         {may},
  publisher =     {European Language Resources Association (ELRA)},
  title =         {{TweetMT: A Parallel Microblog Corpus}},
  year =          {2016},
  isbn =          {978-2-9517408-9-1},
  language =      {english},
}

@inproceedings{L14-1642,
  author =        {Ljube{\v{s}}i{\'{c}}, Nikola and Fi{\v{s}}er, Darja and
                   Erjavec, Toma{\v{z}}},
  booktitle =     {Proceedings of the Ninth International Conference on
                   Language Resources and Evaluation (LREC-2014)},
  publisher =     {European Language Resources Association (ELRA)},
  title =         {TweetCaT: a tool for building Twitter corpora of
                   smaller languages},
  year =          {2014},
}

@inbook{coats_steven_2017,
  author =        {Coats, Steven},
  booktitle =     {Proceedings of the 5th Conference on {CMC} and Social
                   Media Corpora for the Humanities (cmccorpora17)},
  month =         {Sep},
  publisher =     {{CMC}-{Corpora} conference series},
  title =         {European Language Ecology and Bilingualism with
                   English on Twitter},
  year =          {2017},
}

@inproceedings{milajevs:2017:BUCC,
  address =       {Vancouver, Canada},
  author =        {Milajevs, Dmitrijs},
  booktitle =     {Proceedings of the 10th Workshop on Building and
                   Using Comparable Corpora},
  month =         {August},
  pages =         {26--30},
  publisher =     {Association for Computational Linguistics},
  title =         {{Toward a Comparable Corpus of Latvian, Russian and
                   English Tweets}},
  year =          {2017},
}

